@online{eigenlayer,
    title={EigenLayer: The Restaking Collective},
    author={{EigenLayer Team}},
    url={https://docs.eigenlayer.xyz/assets/files/EigenLayer_WhitePaper-88c47923ca0319870c611decd6e562ad.pdf},
    urldate={2025-02-23},
    year={2022}
}

@article{zkoracle,
	author = {Sober, Michael and Scaffino, Giulia and Schulte, Stefan},
	title = {Cross-Blockchain Communication Using Oracles With an Off-Chain Aggregation Mechanism Based on zk-SNARKs},
	journal = {Distributed Ledger Technologies: Research and Practice},
	year = {2024},
	issue_date = {December 2024},
	publisher = {Association for Computing Machinery},
	address = {New York, NY, USA},
	volume = {3},
	number = {4},
	doi = {10.1145/3678187},
	month = dec,
	articleno = {27},
	numpages = {24},
}
